@misc{Jacobsen,
	author = {Dana Jacobsen},
	title = {The Bib\TeX\ Format},
	year = {1996},
	note = {http://www.ecst.csuchico.edu/~jacobsd/}
	}

@misc{Markel,
	author = {Sebastien Merkel},
	title = {Reference Sheet for natbib Useage},
	year = {2002},
	note = {http://merkel.zoneo.net/Latex/natbib.php}
	}
	
@article{Smith01,
	author = {John P. Smith},
	title = {Basics of Bibliographies},
	journal = {Journal of College Essays},
	year = {2001},
	volume = {9},
	number = {3},
	pages = {131--135}
	}
	
@book{Rogers99,
	author = {William Rogers},
	title = {A Guide to Europe},
	year = {1999},
	publisher = {HMCO}
	}
	
@book{Padilla95, %I've included this to show that not all references need to be included in the bibliography.
	author = {Julie Padilla},
	title = {Spanish--American History},
	year = {1995},
	publisher = {Corner Bookpress}
	}