%This is a direct excerpt of a BibTeX file for ``The Effects of Graduate-Student Unionization.''

@article{Barbezat89,	%This is the short-name used when referencing (i.e., \citep{Barbezat89}).
author = {Debra Barbezat},
title = {The Effect of Collective Bargaining on Salaries in Higher Education},
journal = {Industrial and Labor Relations Review},
year = {1989},
volume = {42},
number = {3},
pages = {443--455},
keywords = {Labor Economics, Remunerations, Faculty Remunerations, Empirical Study}
}

@incollection{Moffitt99,
author = {Robert Moffitt},
chapter = {24},
editor = {Orley Ashenfelter and David Card},
title = {New Developments in Econometric Methods for Labor Market Analysis},
booktitle = {Handbook of Labor Economics},
volume = {3A},
year = {1999},
publisher = {Elsevier},
pages = {1367--1397},
keywords = {Labor Economics, Econometrics}
}

@book{Lewis86,
author = {H. Gregg Lewis},
title = {Union Relative Wage Effects: A Survey},
year = {1986},
publisher = {University of Chicago},
keywords = {Labor Economics, Remunerations, Econometrics, Empirical Study}
}